@Article {recession,
title = {The great recession and international trade},
author = {Michael Hart, Bill Dymond},
year={2010},
url = {https://policyoptions.irpp.org/magazines/g8g20/the-great-recession-and-international-trade/}
}

@article{cite_original,
Author = {Kearney, Melissa S. and Levine, Phillip B. and Pardue, Luke},
Title = {The Puzzle of Falling US Birth Rates since the Great Recession},
Journal = {Journal of Economic Perspectives},
Volume = {36},
Number = {1},
Year = {2022},
Month = {February},
Pages = {151-76},
DOI = {10.1257/jep.36.1.151},
URL = {https://www.aeaweb.org/articles?id=10.1257/jep.36.1.151}}

@Article {fertility,
title = {How did the Great Recession affect fertility?},
author = {Christine Percheski, Rachel Kimbro},
year={2017},
url = {https://www.irp.wisc.edu/publications/focus/pdfs/foc302g.pdf}
}

@Article {rank,
title = {The Unequal Impact of the Economic Crisis},
author = {URI DADUSH, LAUREN FALCAO, SHIMELSE ALI},
year={2009},
url = {https://carnegieendowment.org/2009/07/09/unequal-impact-of-economic-crisis-pub-23385}
}


@Manual{r,
    title = {R: A Language and Environment for Statistical Computing},
    author = {{R Core Team}},
    organization = {R Foundation for Statistical Computing},
    address = {Vienna, Austria},
    year = {2020},
    url = {https://www.R-project.org/},
  }
  
@Manual{dplyr,
    title = {dplyr: A Grammar of Data Manipulation},
    author = {Hadley Wickham and Romain François and Lionel Henry and Kirill Müller},
    year = {2021},
    note = {R package version 1.0.7},
    url = {https://CRAN.R-project.org/package=dplyr},
  }
  
    
 @Article{tidyverse,
    title = {Welcome to the {tidyverse}},
    author = {Hadley Wickham and Mara Averick and Jennifer Bryan and Winston Chang and Lucy D'Agostino McGowan and Romain François and Garrett Grolemund and Alex Hayes and Lionel Henry and Jim Hester and Max Kuhn and Thomas Lin Pedersen and Evan Miller and Stephan Milton Bache and Kirill Müller and Jeroen Ooms and David Robinson and Dana Paige Seidel and Vitalie Spinu and Kohske Takahashi and Davis Vaughan and Claus Wilke and Kara Woo and Hiroaki Yutani},
    year = {2019},
    journal = {Journal of Open Source Software},
    volume = {4},
    number = {43},
    pages = {1686},
    doi = {10.21105/joss.01686},
  }
  
     @Book{ggplot2,
    author = {Hadley Wickham},
    title = {ggplot2: Elegant Graphics for Data Analysis},
    publisher = {Springer-Verlag New York},
    year = {2016},
    isbn = {978-3-319-24277-4},
    url = {https://ggplot2.tidyverse.org},
  }
  
  @Manual{ggpubr,
    title = {ggpubr: 'ggplot2' Based Publication Ready Plots},
    author = {Alboukadel Kassambara},
    year = {2020},
    note = {R package version 0.4.0},
    url = {https://CRAN.R-project.org/package=ggpubr},
  }